<?xml version="1.0" encoding="UTF-8"?><collection xmlns="http://www.loc.gov/MARC21/slim"><record><leader>00585nam--2200181-u-4500</leader><controlfield tag="001">000056285</controlfield><controlfield tag="002">20161230</controlfield><controlfield tag="005">20161230201052</controlfield><controlfield tag="008">150325s1000------------r-----000-0-eng-d</controlfield><datafield ind1=" " ind2=" " tag="040"><subfield code="a">IFIN-HH</subfield></datafield><datafield ind1=" " ind2=" " tag="080"><subfield code="a">353:001.5</subfield></datafield><datafield ind1="1" ind2=" " tag="100"><subfield code="a">Massey, Harrie</subfield></datafield><datafield ind1="1" ind2="0" tag="245"><subfield code="a">A perspective of physics vol. 3. selections from 1978 comments on modern physics. introduced and put into perspective</subfield><subfield code="c">Harrie massey</subfield></datafield><datafield ind1=" " ind2=" " tag="260"><subfield code="a">New York</subfield><subfield code="b">Gordon And Breach Science Publishers</subfield><subfield code="c">1979</subfield></datafield><datafield ind1=" " ind2=" " tag="300"><subfield code="a">XXXVIII+316P</subfield></datafield><datafield ind1=" " ind2=" " tag="490"><subfield code="a">A Perspective Of Physics, 3</subfield></datafield><datafield ind1=" " ind2=" " tag="852"><subfield code="a">45850</subfield><subfield code="c">53</subfield></datafield><datafield ind1=" " ind2=" " tag="CAT"><subfield code="a">Sys</subfield><subfield code="c">20150325</subfield><subfield code="h">135248</subfield></datafield></record></collection>